@book{mastering-kubernetes,
  title={Mastering Kubernetes},
  author={Sayfan Gigi},
  year={2017},
  publisher={Packt Publishing Ltd,}
}
@misc{what-is-kubernetes,
  title={What is Kubernetes?},
  author = {Kubernetes skupnost},
  howpublished={Dosegljivo: \url{https://kubernetes.io/docs/concepts/overview/what-is-kubernetes/}},
  note = {[Dostopano: 16. 12. 2020]},
  year = 2020
}
@misc{cncf,
  title = {CNCF Cloud Native Interactive Landscape},
  author = {Cloud native computing foundation},
  howpublished={Dosegljivo: \url{https://landscape.cncf.io/}},
  note = {[Dostopano: 16. 12. 2020]},
  year = {2020}
}
@misc{kubernetes-federation-evolution,
  title = {Kubernetes federation evolution},
  author = {Irfan Ur Rehman, Paul Morie, Shashidhara T D},
  howpublished={Dosegljivo: \url{https://kubernetes.io/blog/2018/12/12/kubernetes-federation-evolution/}},
  note = {[Dostopano: 20. 12. 2020]},
  year = 2018
}
@misc{cluster-federation-in-kubernetes-1.5,
  title={Cluster Federation in Kubernetes 1.5},
  author = {Lukasz Guminski},
  howpublished={Dosegljivo: \url{https://kubernetes.io/blog/2016/12/cluster-federation-in-kubernetes-1-5/}},
  note = {[Dostopano: 23. 11. 2020]},
}
@misc{setup-cluster-federation-kubefed-v1,
  title={Set up Cluster Federation with Kubefed},
  author = {Kubernetes skupnost},
  howpublished={Dosegljivo: \url{https://v1-16.docs.kubernetes.io/docs/tasks/federation/set-up-cluster-federation-kubefed/}},
  note = {[Dostopano: 23. 11. 2020]},
  year = {}
}
@misc{federated-cluster-kubefed-v1,
  title={Federated Cluster},
  author = {Kubernetes skupnost},
  howpublished={Dosegljivo: \url{https://v1-16.docs.kubernetes.io/docs/tasks/federation/administer-federation/cluster/}},
  note = {[Dostopano: 23. 11. 2020]},
  year = {}
}
@misc{setup-cilium-cluster-mesh,
  title={Set up Cluster Mesh},
  author = {Cilium skupnost},
  howpublished={Dosegljivo: \url{https://docs.cilium.io/en/latest/gettingstarted/clustermesh/}},
  note = {[Dostopano: 3. 1. 2020]},
  year = {}
}
@misc{cilium-cluster-mesh,
  title={Multi-Cluster (Cluster Mesh)},
  author = {Cilium skupnost},
  howpublished={Dosegljivo: \url{https://docs.cilium.io/en/latest/concepts/clustermesh/}},
  note = {[Dostopano: 3. 1. 2020]},
  year = {}
}
@misc{cilium-intro,
  title={Introduction to Cilium \& Hubble},
  author = {Cilium skupnost},
  howpublished={Dosegljivo: \url{https://docs.cilium.io/en/latest/intro/}},
  note = {[Dostopano: 3. 1. 2020]},
  year = {}
}
@misc{kubernetes-multi-cluster-cilium-mesh,
  title={Kubernetes Multi-Cluster Networking -Cilium Cluster Mesh},
  author = {Gokul Chandra},
  howpublished={Dosegljivo: \url{https://itnext.io/kubernetes-multi-cluster-networking-cilium-cluster-mesh-bca0f5367d84}},
  note = {[Dostopano: 3. 1. 2020]},
  year = {}
}
@misc{difference-multi-cluster,
  title={Difference Between multi-cluster, multi-master, multi-tenant \& federated Kubernetes},
  author = {Platform9},
  howpublished={Dosegljivo: \url{https://platform9.com/blog/difference-between-multi-cluster-multi-master-multi-tenant-federated-kubernetes/}},
  note = {[Dostopano: 20. 11. 2020]},
  year = {}
}
@misc{kubefed-userguide,
  title={KubeFed User Guide},
  author = {Kubernetes skupnost},
  howpublished={Dosegljivo: \url{https://github.com/kubernetes-sigs/kubefed/blob/master/docs/userguide.md}},
  note = {[Dostopano: 23. 11. 2020]},
  year = {}
}
@misc{kubefed-repo,
  title={KubeFed Repozitorij},
  author = {Kubernetes skupnost},
  howpublished={Dosegljivo: \url{https://github.com/kubernetes-sigs/kubefed}},
  note = {[Dostopano: 23. 11. 2020]},
  year = {}
}
@misc{pod,
  title={Pods},
  author = {Kubernetes skupnost},
  howpublished={Dosegljivo: \url{https://kubernetes.io/docs/concepts/workloads/pods/}},
  note = {[Dostopano: 3. 1. 2021]},
  year = {}
}
@misc{service,
  title={Service},
  author = {Kubernetes skupnost},
  howpublished={Dosegljivo: \url{https://kubernetes.io/docs/concepts/services-networking/service/}},
  note = {[Dostopano: 3. 1. 2021]},
  year = {}
}
@misc{deployment,
  title={Deployments},
  author = {Kubernetes skupnost},
  howpublished={Dosegljivo: \url{https://kubernetes.io/docs/concepts/workloads/controllers/deployment/}},
  note = {[Dostopano: 3. 1. 2021]},
  year = {}
}
@misc{statefulset,
  title={StatefulSets},
  author = {Kubernetes skupnost},
  howpublished={Dosegljivo: \url{https://kubernetes.io/docs/concepts/workloads/controllers/statefulset/}},
  note = {[Dostopano: 3. 1. 2021]},
  year = {}
}
@misc{declarative-setup,
  title = {Declarative Setup},
  author = {ArgoCD skupnost},
  howpublished={Dosegljivo: \url{https://argoproj.github.io/argo-cd/operator-manual/declarative-setup}},
  note = {[Dostopano: 16. 12. 2020]},
  year = {}
}
@misc{argocd-docs,
  title = {Argo CD - Declarative GitOps CD for Kubernetes},
  author = {ArgoCD skupnost},
  howpublished={Dosegljivo: \url{https://argoproj.github.io/argo-cd}},
  note = {[Dostopano: 16. 12. 2020]},
  year = {}
}
@misc{remove-service-discovery,
  title = {kubefed: remove CrossClusterServiceDiscovery feature},
  author = {KubeFed skupnost},
  howpublished={Dosegljivo: \url{https://github.com/kubernetes-sigs/kubefed/issues/1283}},
  note = {[Dostopano: 16. 11. 2020]},
  year = {2020}
}
@misc{k3s-info,
  title = {K3S: Lightweight Kubernetes},
  author = {Rancher Labs},
  howpublished={Dosegljivo: \url{https://k3s.io/}},
  note = {[Dostopano: 16. 11. 2020]},
  year = {2020}
}
@misc{k3s-git,
  title = {K3S - Lightweight Kubernetes},
  author = {Rancher Labs},
  howpublished={Dosegljivo: \url{https://github.com/k3s-io/k3s}},
  note = {[Dostopano: 16. 12. 2020]},
  year = {2020}
}
@misc{k3os-git,
  title = {K3OS},
  author = {Rancher Labs},
  howpublished={Dosegljivo: \url{https://github.com/rancher/k3os}},
  note = {[Dostopano: 16. 12. 2020]},
  year = {2020}
}
@misc{k3os-rpi-image-generator,
  title = {PiCl k3os image generator},
  author = {Dennis Brentjes, Sjors Gielen, odprtokodna skupnost},
  howpublished={Dosegljivo: \url{https://github.com/sgielen/picl-k3os-image-generator}},
  note = {[Dostopano: 16. 12. 2020]},
  year = {2020}
}
@misc{docker-stateful-rest-sample,
  title = {Stateful rest sample},
  author = {Jakob Hostnik},
  howpublished={Dosegljivo: \url{https://hub.docker.com/r/hostops/stateful-rest-sample}},
  note = {[Dostopano: 16. 12. 2020]},
  year = {2020}
}
@misc{git-stateful-rest-sample,
  title = {Stateful rest sample},
  author = {Jakob Hostnik},
  howpublished={Dosegljivo: \url{https://github.com/hostops/stateful-rest-sample}},
  note = {[Dostopano: 16. 12. 2020]},
  year = {2020}
}
@misc{git-diploma,
  title = {Connecting kubernetes clusters},
  author = {Jakob Hostnik},
  howpublished={Dosegljivo: \url{https://github.com/hostops/connecting-kubernetes-clusters}},
  note = {[Dostopano: 16. 12. 2020]},
  year = {2020}
}
@misc{docker-kubefed,
  title = {KubeFed},
  author = {Kubefed skupnost},
  howpublished={Dosegljivo: \url{https://hub.docker.com/r/hostops/kubefed}},
  note = {[Dostopano: 16. 12. 2020]},
  year = {2020}
}
@misc{cratedb,
  title = {CrateDB: the distributed SQL database for IoT and time-series data},
  author = {CrateDB},
  howpublished={Dosegljivo: \url{https://crate.io/}},
  note = {[Dostopano: 29. 12. 2020]},
  year = {2020}
}
@misc{cratedb-zone,
  title = {CrateDB: the distributed SQL database for IoT and time-series data},
  author = {CrateDB},
  howpublished={Dosegljivo: \url{https://crate.io/}},
  note = {[Dostopano: 29. 12. 2020]},
  year = {2020}
}
@misc{cassandra-zone,
  title = {Initializing a multiple node cluster (multiple datacenters)},
  author = {Apache Cassandra},
  howpublished={Dosegljivo: \url{https://docs.datastax.com/en/cassandra-oss/2.2/cassandra/initialize/initMultipleDS.html}},
  note = {[Dostopano: 29. 12. 2020]},
  year = {2020}
}
@misc{jq,
  title = {GitHub - stedolan/jq: Command-line JSON processor},
  author = {Stephen Dolan, oprtokodna skupost},
  howpublished={Dosegljivo: \url{https://github.com/stedolan/jq}},
  note = {[Dostopano: 20. 01. 2021]},
  year = {2020}
}
